@book{hoffman,
  author         = {Hoffman, K. and Kunze, R. and Finsterbusch, H.E.},
  title          = {\'Algebra lineal},
  publisher      = {Prentice-Hall},
  year           = {1973}
}

@book{lara,
  author         = {Rodr\'iguez Lara, J.A.},
  title          = {√Ålgebra Lineal},
  publisher      = {Universidad Aut\'onoma de Yucatan},
  year           = {2017}
}

@book{diaz,
  author         = {D\'iaz Vargas, J.},
  title          = {\'Algebra Lineal II},
  publisher      = {Universidad Aut\'onoma de Yucatan},
  year           = {2018}
}

@book{strang,
  author         = {Strang, G.},
  title          = {\'Algebra lineal y sus aplicaciones},
  publisher      = {Thomson Editores},
  year           = {2007}
}